@misc{wikifilesystemuserspace,
    author    = "Wikipedia",
    title     = "Filesystem in Userspace",
    url       = "https://en.wikipedia.org/wiki/Filesystem_in_Userspace"
}

@misc{fusefontana,
    author    = "Fontana Lorenzo",
    title     = "Write a filesystem with FUSE",
    url       = "https://engineering.facile.it/blog/eng/write-filesystem-fuse/"
}