 @misc{overleaf,
   author = "Lyngby, Kongens",
   title = "Laursen’s XeLaTeX thesis template",
   url = "https://www.overleaf.com/project/5d2403bf45f04e303b8ff383",
   note = "[Online; accessed 30-June-2019]"
}

 @misc{trello,
   author = "Trello",
   title = "Android Project Trello Board",
   url = "https://trello.com/b/Svn8i351/android-project"
}

 @misc{rclone,
   author = "Rclone",
   title = "Google Drive",
   url = "https://rclone.org/drive/"
}

 @misc{youtubetermux,
   author = "KaliTut",
   title = "how to Install Termux On Android and fix permission denied",
   url = "https://www.youtube.com/watch?v=jGtbeWCwus0"
}

 @misc{rclonetermux,
   author = "Craig-Wood, Nick",
   title = "rclone on Android with Termux",
   url = "https://github.com/ncw/rclone/wiki/rclone-on-Android-with-Termux"
}

 @misc{gdriveocamlfuse,
   author = "Strada, Alessandro",
   title = "FUSE filesystem over Google Drive",
   url = "https://github.com/astrada/google-drive-ocamlfuse"
}

 @misc{scopetemplate,
   author = "Project Management Docs",
   title = "Project Scope Statement Template",
   url = "https://www.projectmanagementdocs.com/template/project-documents/scope-statement/#ixzz5pnIgkmLx"
}

 @misc{insync,
   author = "InSync",
   title = "InSync",
   url = "https://www.insynchq.com/downloads?start=true"
}

 @misc{ocamlfuseissue,
   author = "Strada, Alessandro",
   title = "Request: google-drive-ocamlfuse static binaries for Android (ARMv7) #417",
   url = "https://github.com/astrada/google-drive-ocamlfuse/issues/417"
}

 @misc{crosscompiler,
   author = "Whitequark",
   title = "opam-cross-android",
   url = "https://github.com/ocaml-cross/opam-cross-android"
}

 @misc{armcompiler,
   author = "Milon, Elric",
   title = "ocaml-arm",
   url = "https://github.com/whirm/ocaml-arm"
}

 @misc{pmatetinotes,
   author = "Mateti, Prabhaker",
   title = "CEG 4440: Android Internals and Security",
   url = "https://web1.cs.wright.edu/~pmateti/Courses/4440/Top/"
}

 @misc{kernelmodule,
   author = "Molloy, Derek",
   title = "Writing a Linux Kernel Module — Part 1: Introduction",
   url = "http://derekmolloy.ie/writing-a-linux-kernel-module-part-1-introduction/"
}

 @misc{projectgithub,
   author = "Alkhafaji, Hanen",
   title = "AndroidMountCloudStorage",
   url = "https://github.com/hanenalkhafaji/AndroidMountCloudStorage"
}